<record><leader>01044cam a2200301 a 4500</leader><controlfield tag="001">1320674</controlfield><controlfield tag="008">900918s1985    ii       b        0 eng c</controlfield><datafield ind1=" " ind2=" " tag="035"><subfield code="a">ocm56234193</subfield></datafield><datafield ind1=" " ind2=" " tag="040"><subfield code="b">eng</subfield></datafield><datafield ind1=" " ind2=" " tag="049"><subfield code="a">AEU</subfield><subfield code="b">eng</subfield></datafield><datafield ind1=" " ind2="3" tag="055"><subfield code="a">PR 830 S76</subfield><subfield code="b">M214 1985</subfield></datafield><datafield ind1="0" ind2=" " tag="090"><subfield code="a">PR 830 S76 M214 1985</subfield></datafield><datafield ind1="1" ind2=" " tag="100"><subfield code="a">Mahajan, Serena,</subfield><subfield code="d">1955-</subfield></datafield><datafield ind1="1" ind2="0" tag="245"><subfield code="a">Stream of consciousness :</subfield><subfield code="b">Indo-Anglian novel /</subfield><subfield code="c">Serena Mahajan.</subfield></datafield><datafield ind1=" " ind2=" " tag="250"><subfield code="a">1st ed.</subfield></datafield><datafield ind1=" " ind2=" " tag="260"><subfield code="a">Delhi :</subfield><subfield code="b">Jayshree Prakashan,</subfield><subfield code="c">1985.</subfield></datafield><datafield ind1=" " ind2=" " tag="300"><subfield code="a">xii, 104 p. ;</subfield><subfield code="c">22 cm.</subfield></datafield><datafield ind1=" " ind2=" " tag="336"><subfield code="a">text</subfield><subfield code="b">txt</subfield><subfield code="2">rdacontent</subfield></datafield><datafield ind1=" " ind2=" " tag="337"><subfield code="a">unmediated</subfield><subfield code="b">n</subfield><subfield code="2">rdamedia</subfield></datafield><datafield ind1=" " ind2=" " tag="338"><subfield code="a">volume</subfield><subfield code="b">nc</subfield><subfield code="2">rdacarrier</subfield></datafield><datafield ind1=" " ind2=" " tag="504"><subfield code="a">Includes bibliographical references (p. [103]-104).</subfield></datafield><datafield ind1=" " ind2=" " tag="596"><subfield code="a">43</subfield></datafield><datafield ind1=" " ind2="0" tag="650"><subfield code="a">Stream of consciousness fiction.</subfield></datafield><datafield ind1=" " ind2="0" tag="650"><subfield code="a">Psychological fiction.</subfield></datafield><datafield ind1=" " ind2="0" tag="650"><subfield code="a">Interior monologue.</subfield></datafield><datafield ind1=" " ind2="0" tag="650"><subfield code="a">Indic fiction (English)</subfield><subfield code="x">History and criticism.</subfield></datafield><datafield ind1=" " ind2="0" tag="650"><subfield code="a">Fiction</subfield><subfield code="x">History and criticism.</subfield></datafield><datafield ind1=" " ind2=" " tag="926"><subfield code="a">PR 830 S76 M214 1985</subfield><subfield code="w">LC</subfield><subfield code="c">1</subfield><subfield code="i">000033861766</subfield><subfield code="d">11/27/2002</subfield><subfield code="l">ON_SHELF</subfield><subfield code="m">UAHSS</subfield><subfield code="n">2</subfield><subfield code="p">$150.00</subfield><subfield code="r">Y</subfield><subfield code="s">Y</subfield><subfield code="t">BOOK</subfield><subfield code="u">9/20/1990</subfield></datafield></record>